@article{kavan2008geometric,
  title={Geometric skinning with approximate dual quaternion blending},
  author={Kavan, Ladislav and Collins, Steven and {\v{Z}}{\'a}ra, Ji{\v{r}}{\'\i} and O'Sullivan, Carol},
  journal={ACM Transactions on Graphics (TOG)},
  volume={27},
  number={4},
  pages={105},
  year={2008},
  publisher={ACM}
}

@misc{wikiintegration,
  title = {Integration by parts},
  howpublished = "\url{https://en.wikipedia.org/wiki/Integration_by_parts}"
}